<?xml version="1.0" encoding="UTF-8"?><record xmlns="http://www.loc.gov/MARC21/slim" xmlns:cinclude="http://apache.org/cocoon/include/1.0" xmlns:zs="http://www.loc.gov/zing/srw/">
  <leader>00572nz  a2200145n  4500</leader>
  <controlfield tag="001">n 2015051134</controlfield>
  <controlfield tag="003">DLC</controlfield>
  <controlfield tag="005">20150820083912.0</controlfield>
  <controlfield tag="008">150820n| azannaabn          |b aaa      </controlfield>
  <datafield tag="010" ind1=" " ind2=" ">
    <subfield code="a">n 2015051134</subfield>
  </datafield>
  <datafield tag="040" ind1=" " ind2=" ">
    <subfield code="a">DLC</subfield>
    <subfield code="b">eng</subfield>
    <subfield code="e">rda</subfield>
    <subfield code="c">DLC</subfield>
  </datafield>
  <datafield tag="100" ind1="1" ind2=" ">
    <subfield code="a">Khaṭīb, Muḥammad Māhir ʻAbd al-Karīm</subfield>
  </datafield>
  <datafield tag="400" ind1="1" ind2=" ">
    <subfield code="a">‏خطيب، محمد ماهر عبد الكريم</subfield>
  </datafield>
  <datafield tag="667" ind1=" " ind2=" ">
    <subfield code="a">Non-Latin script reference not evaluated</subfield>
  </datafield>
  <datafield tag="670" ind1=" " ind2=" ">
    <subfield code="a">Ḥarakat al-Ikhwān al-Muslimīn, 2012:</subfield>
    <subfield code="b">t.p. (محمد ماهر عبد الكريم الخطيب = Muḥammad Māhir ʻAbd al-Karīm al-Khaṭīb)</subfield>
  </datafield>
</record>